<?xml version="1.0" encoding="UTF-8"?><collection xmlns="http://www.loc.gov/MARC21/slim"><record><leader>00421nam--2200133-i-4500</leader><controlfield tag="001">000004638</controlfield><controlfield tag="002">20161230</controlfield><controlfield tag="005">20170206185159</controlfield><controlfield tag="008">060222s1000------------r-----000-0-eng-d</controlfield><datafield ind1=" " ind2=" " tag="100"><subfield code="a">Dietrich, Walter</subfield></datafield><datafield ind1=" " ind2=" " tag="245"><subfield code="a">Verbesserung des elektrostatischen geschwindigkeits-analysators und hoshauflosende elektronen-spektrometrie</subfield></datafield><datafield ind1=" " ind2=" " tag="260"><subfield code="a">Stuttfart</subfield><subfield code="b">Technische Hochschule</subfield><subfield code="c">1957</subfield></datafield><datafield ind1=" " ind2=" " tag="300"><subfield code="a">/39p.</subfield></datafield><datafield ind1=" " ind2=" " tag="CAT"><subfield code="a">SYS</subfield><subfield code="c">20170206</subfield><subfield code="h">185159</subfield></datafield></record></collection>